@string{annals= {Annals of Stat.}}
@string{applstat= {Applied Stat.}}
@string{bioj = {Biometrical J.}}
@string{biok = {Biometrika}}
@string{commstata = {Comm. Stat. Theory Methods}}
@string{biom = {Biometrics}}
@string{jap = {J. Applied Probability}}
@string{jasa = {J. Amer. Stat. Assoc.}}
@string{jrssa= {J. Royal Stat. Soc. A}}
@string{jrssb= {J. Royal Stat. Soc. B}}
@string{jrssc= {J. Royal Stat. Soc. C}}
@string{jscs = {J Stat. Comput. Simul.}}
@string{lifetime = {Lifetime Data Analysis}}
@string{NEJM = {New England J. Medicine}}
@string{scand = {Scandinavian J. Stat.}}
@string{statmed= {Stat. in Medicine}}
@string{statsci = {Stat. Science}}


@article{Aalen89,
    author= {Aalen,O. O.} ,
    title= {A linear regression model for the analysis of life times},
    year= {1989},
    journal=statmed, volume={8}, pages={907--925}
    }

@book{Venables97,
    author= {Venables, W. N. and Ripley, B. D.},
    year= {1997},
    title= {Modern Applied Statistics with {S-PLUS}, second edition},
    publisher= {Springer-Verlag},
    address ={New York}
    }

@techreport{Bergstralh88,
    author= {Bergstralh, E. J. and Offord, K. P.},
    year = {1988},
    title = {Conditional probabilities used in calculating 
                cohort expected survival},
    number = {37},
    institution= {Department of Health Sciences Research, Mayo Clinic}
    }

@techreport{Ederer77,
    author= {Ederer, F. and Heise, H.},
    year= {1977},
    title= {Instructions to {IBM} 650 programmers in processing
		  survival computations},
    institution={End Results Evaluation Section, National Cancer Institute},
    type={Methodological Note},
    number={No. 10},
    pages ={101--121}
    }

@inproceedings{Huber67,
    author= {Huber, P. J.},
    year= {1967},
    title= {The behavior of maximum likelihood estimates under 
               non-standard conditions},
    booktitle= {Proceedings of the Fifth Berkeley Symposium 
                 on Mathematical Statistics and Probability},
     volume={1}, 
    pages= {221--233}
    }

@incollection{Oakes92,
    author= {Oakes, D.},
    year= {1992},
    title ={Frailty models for multiple event times},
    editor= {Klein, J. P. and Goel, P. K.},
    booktitle= {Survival Analysis, State of the Art},
    publisher= {Kluwer}, 
    address= {Netherlands}
    }

@phdthesis{Parner96,
    author={Parner, E.},
    title={Inference in semiparametric frailty models},
    year ={1997},
    school={University of Aarhus, Denmark}
    }

@manual{AdjCurves,
    author={Therneau, T. M. and Crowson, C. S. and Atkinson, E. J.},
    year={2015},
    title= {Adjusted Survival Curves},
    url= {https://cran.r-project.org/web/packages/survival/vignettes/adjcurve.pdf}
    }

@unpublished{Winemiller98,
    author= {Winemiller, M.H. and Stolp-Smith, K.A, and
        Silverstein, M.D. and Therneau, T.M.},
    year= {1998},
    title= {Sequential pneumatic compression or heparin is effective in
        preventing venous thromboembolism in spinal cord injury patients},
    note={Submitted}
    }

@incollection{Hettmansperger98,
    author= {Hettmansperger, T.},
    year= {1998},
    title= {Median},
	editor={Armitage, P. and Colton, T.},
    booktitle={Encyclopedia of Biostatics}, 
	volume={4},
	publisher= {Wiley},
    address={New York}, 
    pages={2525--2526}
    }

@booklet{Seer81,
    key = {Surveillance},
    title= {Surveillance, Epidemiology, and End Results:
	   Incidence and Mortality Data, 1973--77},
    year = {1981},
    howpublished= {National Cancer Institute Monograph 57,
	U.S. Department of Health and Human Services, Public Health Service},
    address= {National Cancer Institute, Bethesda, MD},
    note = {NIH Publication No. 81-2330},
    }

